%%%%%%%%%%%%%%%%%%%%%%%%%%%%%%%%%%%%%%%%%%%%%%%%%%%%%%%%%%%%%%%%%%%%%%%%%%%%%%%%
%%
%% Список литературы
%%
%%%%%%%%%%%%%%%%%%%%%%%%%%%%%%%%%%%%%%%%%%%%%%%%%%%%%%%%%%%%%%%%%%%%%%%%%%%%%%%%

@article{ицыксон2018libsl,
  title={LibSL—язык спецификации компонентов программного обеспечения},
  author={Ицыксон, ВМ},
  journal={Программная инженерия},
  volume={9},
  number={5},
  pages={209--220},
  year={2018},
  publisher={Общество с ограниченной ответственностью Издательство Новые технологии}
}

@article{ицыксон2010язык,
  title={Язык спецификаций поведения программных компонентов},
  author={Ицыксон, Владимир Михайлович and Глухих, Михаил Игоревич},
  journal={Информатика, телекоммуникации и управление},
  number={3 (101)},
  pages={63--70},
  year={2010},
  publisher={Федеральное государственное автономное образовательное учреждение высшего~…}
}

@misc{Детектор90:online,
author = {},
title = {Детектор динамических инвариантов Daikon},
howpublished = {\url{https://plse.cs.washington.edu/daikon/}},
month = {},
year = {},
note = {(Accessed on 06/21/2022)}
}
